@misc{skeletal,
  author = {Microsoft Developer Network},
  title = {{Skeletal Tracking}},
  howpublished = "\url{https://msdn.microsoft.com/en-us/library/hh973074.aspx}",
  year = {2017}, 
  note = "Bezieht sich noch auf die Kinect 1, Zugriff 25.4.2017"
}

@misc{tracking,
  author = {Microsoft Developer Network},
  title = {{Tracking Users with Kinect Skeletal Tracking}},
  howpublished = "\url{https://msdn.microsoft.com/en-us/library/jj131025.aspx}",
  year = {2017}, 
  note = "Zugriff 25.4.2017"
}

@misc{tracking2,
  author = {J. Walters},
  title = {Kinect v2 Joint Map},
  howpublished = "\url{http://glitchbeam.com/2015/04/02/kinect-v2-joint-map}",
  note = "Original nicht mehr verfügbar, gecacht abgerufen von \url{http://web.archive.org/web/20151031033003/http://glitchbeam.com:80/2015/04/02/kinect-v2-joint-map/}, Zugriff 4.7.2017"
}

@misc{kinectimg,
  title = {Kinect for Windows v2 sensor},
  howpublished = "\url{https://blogs.msdn.microsoft.com/kinectforwindows/2014/06/05/pre-order-your-kinect-for-windows-v2-sensor-starting-today/}",
  note = "Zugriff 18.8.2017"
}

@misc{vgb,
  author = {Microsoft Developer Network},
  title = {Visual Gestrue Builder in Context},
  howpublished = "\url{https://msdn.microsoft.com/en-us/library/dn785529.aspx}",
  note = "Zugriff 17.8.2017"
}

@article{bodyprop,
  author = {Blumrosen, G. and Miron, Y. and Intrator, N. and Plotnik, M.},
  title = {A Real-Time Kinect Signature-Based Patient Home-Monitoring System},
  journal = {Sensors (Basel)},
  year = {2016},
  url = {https://www.ncbi.nlm.nih.gov/pmc/articles/PMC5134624/},
  note = {Zugriff 12.6.17}
  }

@misc{specs,
  author = {Microsoft Developer Network},
  title = {Kinect Hardware},
  howpublished = "\url{https://developer.microsoft.com/de-de/windows/kinect/hardware}",
  note = "Zugriff 17.8.2017"
}

@article{latimes,
  author = {A. Pham},
  title = {E3: Microsoft shows off gesture control technology for Xbox 360},
  journal = {Los Angeles Times},
  url = {http://latimesblogs.latimes.com/technology/2009/06/microsofte3.html},
  year = {2009},
  note = {Zugriff 17.8.17}
}


@article{heise,
  author = {König, P.},
  title = {Kinect v2 für Windows},
  journal = {c't},
  year = {2014},
  url = {https://www.heise.de/ct/ausgabe/2014-17-aktuell-Kinect-fuer-Windows-2264919.html},
  note = {Zugriff 17.8.17}
}

@misc{gamasutra,
  author = {Lau, D.},
  title = {The Science Behind Kinects or Kinect 1.0 versus 2.0},
  howpublished = "\url{http://gamasutra.com/blogs/DanielLau/20131127/205820/The_Science_Behind_Kinects_or_Kinect_10_versus_20.php}",
  note = "Zugriff 17.8.2017"
}
  
@article{appearance,
  author = {Yang, M.-T. and Huang, S.-Y.},
  title = {Appearance-Based Multimodal Human Tracking and Identification for Healthcare in the Digital Home},
  journal = {Sensors (Basel)},
  year = {2014},
  url = {https://www.ncbi.nlm.nih.gov/pmc/articles/PMC4179041/},
  note = {Zugriff 3.8.17}
}
  
@mastersthesis{kinectlight,
	author = {Seggers, R.},
	title = {People Tracking in Outdoor Environments: Evaluating the Kinect 2 Performance in Differend Lighting Conditions},
	school = {University of Amsterdam},
	year = {2015},
	url = {https://staff.fnwi.uva.nl/a.visser/education/bachelorAI/thesisSeggers.pdf},
	type              = {Bachelorarbeit},
  note = {Zugriff 12.6.17}
}

@article{thermalsens,
  author = {Susperregi, L. and Sierra, B. and Castrillón, M. and Lorenzo, J. and Martínez-Otzeta, J. M. and Lazkano, E.},
  title = {On the Use of a Low-Cost Thermal Sensor to Improve Kinect People Detection in a Mobile Robot},
  journal = {Sensors (Basel)},
  year = {2013},
  url = {https://www.ncbi.nlm.nih.gov/pmc/articles/PMC3871095/},
  note = {Zugriff 12.6.17}
  }
  
  
@inproceedings{biomid,
  title={Towards skeleton biometric identification using the microsoft kinect sensor},
  author={Araujo, R. M. and Gra{\~n}a, G. and Andersson, V.},
  booktitle={Proceedings of the 28th Annual ACM Symposium on Applied Computing},
  pages={21--26},
  year={2013},
  organization={ACM},
  url= {https://www.researchgate.net/profile/Ricardo_Araujo2/publication/237064051_Towards_Skeleton_Biometric_Identification_Using_the_Microsoft_Kinect_Sensor/links/0046351b1d1cc4c5a0000000.pdf},
  note = {Zugriff 12.6.17}
}

@inproceedings{gait,
  author = {Sinha, A. and Chakravarty, K. and Bhowmick, B.},
  title = {Person Identification using Skeleton Information from Kinec
t},
booktitle = {ACHI 2013: The Sixth International Conferance on Advances in Computer-Human Interactions},
year = {2013},
pages = {101--108},
url = {https://www.thinkmind.org/download.php?articleid=achi_2013_4_50_20187},
note = {Zugriff 3.8.17}
}

@inproceedings{face,
  title={Face identification using Kinect Technology},
  author={Nag{\^a}t, A.-A. and C{\u{a}}leanu, C.-D.},
  booktitle={2013 IEEE 8th International Symposium on Applied Computational Intelligence and Informatics (SACI)},
  pages={169--172},
  year={2013},
  organization={IEEE},
  url = {http://ieeexplore.ieee.org/stamp/stamp.jsp?tp=&arnumber=6608961&isnumber=6608938
},
  note ={Zugriff 3.8.17}
}

@misc{kinectsdk,
  author = {Microsoft},
  title = {Kinect f\"ur Windows 2.0 SDK},
  howpublished = {\url{https://developer.microsoft.com/de-de/windows/kinect/tools}},
  note = {Zugriff 12.6.17}
}

@misc{trackingstate,
  author = {Microsoft Developer Network},
  title = {TrackingState Enumeration},
  year = {2017},
  howpublished = {\url{https://msdn.microsoft.com/en-us/library/microsoft.kinect.kinect.trackingstate.aspx}},
  note = {Zugriff 12.6.17}
  }
  